
@article{chu1998edge,
  title = {Edge-Preserving Smoothers for Image Processing},
  author = {Chu, C. K. and Glad, I. K. and Godtliebsen, F. and Marron, J. S.},
  journal = {Journal of the American Statistical Association},
  volume = {93},
  number = {442},
  pages = {526--541},
  year = {1998},
  doi = {10.1080/01621459.1998.10473702}
}

@book{huber1981robust,
  author = {Huber, Peter J.},
  title = {Robust Statistics},
  year = {1981},
  publisher = {Wiley},
  address = {New York}
}

@article{verbout1998parameter,
  title   = {Parameter Estimation for Autoregressive {G}aussian-Mixture Processes: The EMAX Algorithm},
  author  = {Verbout, S. M. and Ludwig, J. T. and Oppenheim, A. V.},
  journal = {IEEE Transactions on Signal Processing},
  volume  = {46},
  number  = {10},
  pages   = {2744--2756},
  year    = {1998},
  doi     = {10.1109/78.720376}
}

@book{box2015timeseries,
  author    = {Box, George E.~P. and Jenkins, Gwilym M. and Reinsel, Gregory C. and Ljung, Greta M.},
  title     = {Time Series Analysis: Forecasting and Control},
  edition   = {5th},
  year      = {2015},
  publisher = {John Wiley \& Sons},
  address   = {Hoboken, NJ}
}

@article{huang1979fast,
  author  = {Huang, Thomas S. and Yang, Guo-Jin and Tang, Gwo-Shyh},
  title   = {A Fast Two-Dimensional Median Filtering Algorithm},
  journal = {IEEE Transactions on Acoustics, Speech, and Signal Processing},
  volume  = {27},
  number  = {1},
  pages   = {13--18},
  year    = {1979},
}

@article{verbout1998parameter,
  title   = {Parameter Estimation for Autoregressive Gaussian-Mixture Processes: The EMAX Algorithm},
  author  = {Verbout, S. M. and Ludwig, J. T. and Oppenheim, A. V.},
  journal = {IEEE Transactions on Signal Processing},
  volume  = {46},
  number  = {10},
  pages   = {2744--2756},
  year    = {1998},
  doi     = {10.1109/78.720376}
}
@article{chu1998edge,
  title = {Edge-Preserving Smoothers for Image Processing},
  author = {Chu, C. K. and Glad, I. K. and Godtliebsen, F. and Marron, J. S.},
  journal = {Journal of the American Statistical Association},
  volume = {93},
  number = {442},
  pages = {526--541},
  year = {1998},
  doi = {10.1080/01621459.1998.10473702}
}

@book{huber1981robust,
  author = {Huber, Peter J.},
  title = {Robust Statistics},
  year = {1981},
  publisher = {Wiley},
  address = {New York}
}

@article{verbout1998parameter,
  title   = {Parameter Estimation for Autoregressive {G}aussian-Mixture Processes: The EMAX Algorithm},
  author  = {Verbout, S. M. and Ludwig, J. T. and Oppenheim, A. V.},
  journal = {IEEE Transactions on Signal Processing},
  volume  = {46},
  number  = {10},
  pages   = {2744--2756},
  year    = {1998},
  doi     = {10.1109/78.720376}
}

@book{box2015timeseries,
  author    = {Box, George E.~P. and Jenkins, Gwilym M. and Reinsel, Gregory C. and Ljung, Greta M.},
  title     = {Time Series Analysis: Forecasting and Control},
  edition   = {5th},
  year      = {2015},
  publisher = {John Wiley \& Sons},
  address   = {Hoboken, NJ}
}

@article{huang1979fast,
  author  = {Huang, Thomas S. and Yang, Guo-Jin and Tang, Gwo-Shyh},
  title   = {A Fast Two-Dimensional Median Filtering Algorithm},
  journal = {IEEE Transactions on Acoustics, Speech, and Signal Processing},
  volume  = {27},
  number  = {1},
  pages   = {13--18},
  year    = {1979},
}

@article{verbout1998parameter,
  title   = {Parameter Estimation for Autoregressive Gaussian-Mixture Processes: The EMAX Algorithm},
  author  = {Verbout, S. M. and Ludwig, J. T. and Oppenheim, A. V.},
  journal = {IEEE Transactions on Signal Processing},
  volume  = {46},
  number  = {10},
  pages   = {2744--2756},
  year    = {1998},
  doi     = {10.1109/78.720376}
}

@article{lee1983digital,
  title   = {Digital Image Smoothing and the Sigma Filter},
  author  = {Lee, Jong-Sen},
  journal = {Computer Vision, Graphics, and Image Processing},
  volume  = {24},
  pages   = {255--269},
  year    = {1983},
  doi     = {10.1016/0734-189X(83)90047-6}
}